% @book{freertos_windows,
%   title={The Hitchhiker's Guide to the Galaxy},
%   author={Adams, D.},
%   isbn={9781417642595},
%   url={https://freertos.org/FreeRTOS-Windows-Simulator-Emulator-for-Visual-Studio-and-Eclipse-MingW.html},
%   year={1995},
%   publisher={San Val}
% }

